<record><leader>00000cas a22000007a 4500</leader><controlfield tag="001">35006277</controlfield><controlfield tag="008">960628d18951921okuwr n       0    0eng d</controlfield><datafield ind1=" " ind2=" " tag="010"><subfield code="a">sn 96087908 </subfield></datafield><datafield ind1=" " ind2=" " tag="040"><subfield code="a">OBN</subfield><subfield code="b">eng</subfield><subfield code="c">OBN</subfield><subfield code="d">OCLCQ</subfield><subfield code="d">OCLCO</subfield></datafield><datafield ind1="1" ind2=" " tag="029"><subfield code="a">AU@</subfield><subfield code="b">000012679693</subfield></datafield><datafield ind1=" " ind2=" " tag="042"><subfield code="a">msc</subfield></datafield><datafield ind1=" " ind2=" " tag="043"><subfield code="a">n-us-ok</subfield></datafield><datafield ind1="0" ind2=" " tag="130"><subfield code="a">Taloga advocate (Taloga, Okla. : 1895)</subfield></datafield><datafield ind1="1" ind2="4" tag="245"><subfield code="a">The Taloga advocate.</subfield></datafield><datafield ind1="3" ind2=" " tag="246"><subfield code="a">Advocate</subfield></datafield><datafield ind1=" " ind2=" " tag="260"><subfield code="a">Taloga, Okla. :</subfield><subfield code="b">J.W. Maddox</subfield></datafield><datafield ind1=" " ind2=" " tag="300"><subfield code="a">v.</subfield></datafield><datafield ind1=" " ind2=" " tag="310"><subfield code="a">Weekly</subfield></datafield><datafield ind1="0" ind2=" " tag="362"><subfield code="a">Vol. 1, no. 2 (May 11, 1895)-</subfield></datafield><datafield ind1="1" ind2=" " tag="362"><subfield code="a">Ceased in Mar. 1921.</subfield></datafield><datafield ind1=" " ind2="0" tag="651"><subfield code="a">Taloga (Okla.)</subfield><subfield code="v">Newspapers.</subfield></datafield><datafield ind1=" " ind2="0" tag="651"><subfield code="a">Dewey County (Okla.)</subfield><subfield code="v">Newspapers.</subfield></datafield><datafield ind1="0" ind2="0" tag="780"><subfield code="t">Advocate (Taloga, Okla. : 1895)</subfield><subfield code="w">(DLC)sn 96087907</subfield><subfield code="w">(OCoLC)35006186</subfield></datafield><datafield ind1="0" ind2="7" tag="785"><subfield code="t">Taloga times (Taloga, Okla. : 1920)</subfield><subfield code="w">(DLC)sn 96087910</subfield><subfield code="w">(OCoLC)35006514</subfield></datafield><datafield ind1="0" ind2="7" tag="785"><subfield code="t">Taloga times-advocate (Taloga, Okla.)</subfield><subfield code="w">(DLC)sn 86064132</subfield><subfield code="w">(OCoLC)13646122</subfield></datafield></record>